<?xml version="1.0" encoding="UTF-8"?><collection xmlns="http://www.loc.gov/MARC21/slim"><record><leader>00568nam--2200193-i-4500</leader><controlfield tag="001">000026837</controlfield><controlfield tag="002">20161230</controlfield><controlfield tag="005">20161230201036</controlfield><controlfield tag="008">060222s1000------------r-----000-0-ger-d</controlfield><datafield ind1=" " ind2=" " tag="040"><subfield code="a">IFIN-HH</subfield></datafield><datafield ind1=" " ind2=" " tag="041"><subfield code="a">ger</subfield></datafield><datafield ind1=" " ind2=" " tag="080"><subfield code="a">539.12.08</subfield></datafield><datafield ind1="1" ind2=" " tag="100"><subfield code="a">Kment, Vitezslav</subfield></datafield><datafield ind1="1" ind2="0" tag="245"><subfield code="a">Technik des messens radioaktiver strahlung</subfield><subfield code="c">Vitezslav, kment, arno kuhn</subfield></datafield><datafield ind1=" " ind2=" " tag="260"><subfield code="a">Leupzig, , 1963, Xv + 711p</subfield><subfield code="b">Geest &amp; Portig K.-g</subfield><subfield code="c">1963</subfield></datafield><datafield ind1=" " ind2=" " tag="490"><subfield code="a">Technisch-pyusikalische Monographien</subfield></datafield><datafield ind1="1" ind2=" " tag="700"><subfield code="a">Kuhn, Arno</subfield></datafield><datafield ind1=" " ind2=" " tag="852"><subfield code="a">24772</subfield><subfield code="c">539.1.07:539.108</subfield></datafield><datafield ind1=" " ind2=" " tag="CAT"><subfield code="a">Sys</subfield><subfield code="c">20111019</subfield><subfield code="h">122203</subfield></datafield></record></collection>